@inproceedings{kautz1992planning,
  title={Planning as Satisfiability},
  author={Kautz, Henry and Selman, Bart},
  booktitle={ECAI},
  volume={92},
  pages={359--363},
  year={1992}
}

@inproceedings{kautz1996pushing,
  title={Pushing the envelope: Planning, propositional logic, and stochastic search},
  author={Kautz, Henry and Selman, Bart},
  booktitle={Proceedings of the National Conference on Artificial Intelligence},
  pages={1194--1201},
  year={1996}
}

@inproceedings{kautz1998blackbox,
  title={BLACKBOX: A new approach to the application of theorem proving to problem solving},
  author={Kautz, Henry and Selman, Bart},
  booktitle={AIPS98 Workshop on Planning as Combinatorial Search},
  volume={58260},
  pages={58--60},
  year={1998}
}

@article{blum1997fast,
  title={Fast planning through planning graph analysis},
  author={Blum, Avrim and Furst, Merrick},
  journal={Artificial intelligence},
  volume={90},
  number={1},
  pages={281--300},
  year={1997},
  publisher={Elsevier}
}

@article{long1999efficient,
  title={Efficient Implementation of the Plan Graph in STAN},
  author={Long, Derek and Fox, Maria},
  journal={J. Artif. Intell. Res.(JAIR)},
  volume={10},
  pages={87--115},
  year={1999}
}
@inproceedings{kautz1999unifying,
  title={Unifying SAT-based and graph-based planning},
  author={Kautz, Henry and Selman, Bart},
  booktitle={IJCAI},
  volume={99},
  pages={318--325},
  year={1999}
}
@article{hoffmann2001ff,
  title={The FF planning system: Fast plan generation through heuristic search},
  author={Hoffmann, J{\"o}rg and Nebel, Bernhard},
  journal={Journal of Artificial Intelligence Research},
  volume={14},
  pages={253--302},
  year={2001}
}

@techreport{waldinger1975achieving,
  title={Achieving several goals simultaneously},
  author={Waldinger, Richard},
  year={1975},
  institution={Stanford Research Institute}
}

@inproceedings{koehler1997extending,
  title={Extending planning graphs to an ADL subset},
  author={Koehler, Jana and Nebel, Bernhard and Hoffmann, J{\"o}rg and Dimopoulos, Yannis},
  booktitle={European Conference on Planning},
  pages={273--285},
  year={1997},
  organization={Springer}
}

@article{penberthy1992ucpop,
  title={UCPOP: A Sound, Complete, Partial Order Planner for ADL},
  author={Penberthy, J. Scott and Weld, Daniel S.},
  volume={92},
  pages={103--114},
  year={1992}
}

@techreport{sacerdoti1975nonlinear,
  title={The nonlinear nature of plans},
  author={Sacerdoti, Earl},
  year={1975},
  institution={Stanford Research Institute}
}

@inproceedings{tate1977generating,
  title={Generating Project Networks},
  author={Austin Tate},
  booktitle={IJCAI},
  year={1977}
}
